<?xml version="1.0" encoding="UTF-8"?><collection xmlns="http://www.loc.gov/MARC21/slim"><record><leader>00469nam--2200181-i-4500</leader><controlfield tag="001">000040418</controlfield><controlfield tag="002">20161230</controlfield><controlfield tag="005">20161230201042</controlfield><controlfield tag="008">060222s1000------------r-----000-0-eng-d</controlfield><datafield ind1=" " ind2=" " tag="040"><subfield code="a">IFIN-HH</subfield></datafield><datafield ind1=" " ind2=" " tag="080"><subfield code="a">539.17</subfield></datafield><datafield ind1="1" ind2=" " tag="100"><subfield code="a">Saxe,R.F</subfield></datafield><datafield ind1="1" ind2="0" tag="245"><subfield code="a">Approaches to thermonuclear power</subfield><subfield code="c">R.F. Saxe</subfield></datafield><datafield ind1=" " ind2=" " tag="260"><subfield code="a">London, Temple Press Ltd.,1960</subfield></datafield><datafield ind1=" " ind2=" " tag="300"><subfield code="a">IX + 65 P</subfield></datafield><datafield ind1=" " ind2=" " tag="490"><subfield code="a">Nuclear Engineering Monographs</subfield></datafield><datafield ind1=" " ind2=" " tag="852"><subfield code="a">15969</subfield><subfield code="c">533.9</subfield></datafield><datafield ind1=" " ind2=" " tag="CAT"><subfield code="a">Sys</subfield><subfield code="c">20100921</subfield><subfield code="h">141320</subfield></datafield></record></collection>